<?xml version="1.0" encoding="UTF-8"?><collection xmlns="http://www.loc.gov/MARC21/slim"><record><leader>00548nam--2200181-i-4500</leader><controlfield tag="001">000010092</controlfield><controlfield tag="002">20161230</controlfield><controlfield tag="005">20161230201028</controlfield><controlfield tag="008">060222s1000------------r-----000-0-eng-d</controlfield><datafield ind1=" " ind2=" " tag="040"><subfield code="a">IFIN-HH</subfield></datafield><datafield ind1=" " ind2=" " tag="080"><subfield code="a">541.1:539.143.43(083.3)</subfield></datafield><datafield ind1="1" ind2=" " tag="100"><subfield code="a">Dungan, Claude H</subfield></datafield><datafield ind1="1" ind2="0" tag="245"><subfield code="a">Compilation of reported f19 nmr chemical shifts</subfield><subfield code="b">1951 to mid-1967</subfield><subfield code="c">Claude h. dungan, john r. van wazer</subfield></datafield><datafield ind1=" " ind2=" " tag="260"><subfield code="a">New York</subfield><subfield code="b">Wiley-interscience</subfield><subfield code="c">1970</subfield></datafield><datafield ind1=" " ind2=" " tag="300"><subfield code="a">/PAG.DIF.</subfield></datafield><datafield ind1="1" ind2=" " tag="700"><subfield code="a">Van Wazer, John R</subfield></datafield><datafield ind1=" " ind2=" " tag="852"><subfield code="a">36508</subfield><subfield code="c">539.143.43</subfield></datafield><datafield ind1=" " ind2=" " tag="CAT"><subfield code="a">Sys</subfield><subfield code="c">20120508</subfield><subfield code="h">111047</subfield></datafield></record></collection>